@book{cullity2014elements,
  title={Elements of X-ray Diffraction},
  author={Cullity, Bernard Dennis and Stock, Stuart R},
  year={2014},
  publisher={Pearson Education}
}

@book{warren1969x,
  title={X-ray Diffraction},
  author={Warren, Bertram Eugene},
  year={1969},
  publisher={Courier Corporation}
}

@article{williamson1953x,
  title={X-ray line broadening from filed aluminium and wolfram},
  author={Williamson, GK and Hall, WH},
  journal={Acta metallurgica},
  volume={1},
  number={1},
  pages={22--31},
  year={1953},
  publisher={Elsevier}
}

@article{warren1950x,
  title={X-ray diffraction study of cold-worked metals},
  author={Warren, BE and Averbach, BL},
  journal={Journal of Applied Physics},
  volume={21},
  number={6},
  pages={595--599},
  year={1950},
  publisher={AIP}
}